@online{oscar,
	author = {OSCAR},
	title = {OSCAR - OpenstreetMap at your fingertips},
	date = {17.11.2018},
	url = {http://oscardev.fmi.uni-stuttgart.de/?q=lake},
}

@online{osmwiki,
	author = {OpenstreetMap Wiki},
	title = {OpenstreetMap Wiki},
	date = {17.11.2018},
	url = {https://wiki.openstreetmap.org/wiki/Main_Page},
}

@online{taginfo,
	author = {tagInfo},
	title = {OpenstreetMap TagInfo},
	date = {17.11.2018},
	url = {https://taginfo.openstreetmap.org/},
}
