@misc{keyDescription,
	author = {wikibooks},
	title = {Tag},
	howpublished = {\url{https://wiki.openstreetmap.org/wiki/Tags}},
	note = {Accessed: 2018-10-08}
}
@misc{example1,
	author = {taginfo},
	title = {building},
	howpublished = {\url{https://taginfo.openstreetmap.org/keys/building#values}},
	note = {Accessed: 2018-10-08}
}
@misc{example2,
	author = {taginfo},
	title = {building},
	howpublished = {\url{https://taginfo.openstreetmap.org/tags/highway=service}},
	note = {Accessed: 2018-10-08}
}

